
@mastersthesis{GoerzDiploma2010,
    author = {Goerz, Michael},
    school = {Fachbereich Physik, Freie Universit√§t Berlin},
    title = {Optimization of a Controlled Phasegate for Ultracold Calcium Atoms in an Optical Lattice},
    year = {2010},
    month = {April},
    pdf = {research/diploma_thesis.pdf},
    icon = {images/fub.png},
}

