

@phdthesis{GoerzPhd2015,
    author = {Goerz, Michael},
    school = {Fachbereich Mathematik und Naturwissenschaften, Universit√§t Kassel},
    title = {Optimizing Robust Quantum Gates in Open Quantum Systems},
    month = {January},
    year = {2015},
    icon = {images/blackbox_circuit.png},
    extra_links_first = {
        A4: research/diss_goerz.pdf
        letter: research/diss_goerz_letter.pdf
        A4 two-sided: research/diss_goerz_a4_print.pdf
        letter two-sided: research/diss_goerz_letter_print.pdf
    },
    github = {https://github.com/goerz/dissertation},
}

