@conference{GoerzRigetti2018Talk,
  author       =  {Michael H. Goerz},
  title        =  {Designing Quantum Technology with Optimal Control},
  howpublished =  {invited talk},
  year         =  {2018},
  month        =  {March},
  booktitle    =  {Rigetti Computing Seminar},
  address      =  {Berkeley, CA, USA},
  pdf          =  {research/rigetti2018_talk.pdf},
  icon         =  {images/rigetti.png},
}

@conference{GoerzUMBCSem2017,
  author       =  {Michael H. Goerz},
  title        =  {Optimal Control for Entangling Quantum Gates},
  booktitle    =  {UMBC Physics Colloquium},
  address      =  {University of Maryland, Baltimore County, MD, USA},
  howpublished =  {invited talk},
  year         =  {2017},
  month        =  {April},
  day          =  {19},
  pdf          =  {research/umbc_apr_2017_slides.pdf},
  icon         =  {images/umbc.png},
}

@conference{GoerzARLSem2015,
  author       =  {Michael H. Goerz},
  title        =  {Introduction to Circuit QED},
  booktitle    =  {ARL Quantum Seminar},
  address      =  {Adelphi Laboratory Center, MD, USA},
  howpublished =  {talk},
  year         =  {2015},
  month        =  {November},
  day          =  {10},
  pdf          =  {research/arl_nov_2015_slides.pdf},
  icon         =  {images/arl.png},
}


@conference{GoerzIBMSem2015,
  author       =  {Michael H. Goerz},
  title        =  {Charting the circuit QED design landscape using optimal control theory},
  booktitle    =  {Physical Sciences Seminar},
  address      =  {IBM Watson Research Lab, NY, USA},
  howpublished =  {invited talk},
  year         =  {2015},
  month        =  {October},
  day          =  {23},
  pdf          =  {research/ibm_oct_2015_slides.pdf},
  icon         =  {images/ibm.png},
}


@conference{GoerzBerkeleySem2013,
  author       =  {Michael H. Goerz},
  title        =  {Optimal Control Theory for Quantum Gates with Rydberg Atoms and Superconducting Qubits under Dissipative Dynamics},
  booktitle    =  {Whaley group seminar},
  address      =  {UC Berkeley, USA},
  howpublished =  {invited talk},
  year         =  {2013},
  month        =  {December},
  day          =  {11},
  pdf          =  {research/berkeley2013_slides.pdf},
  icon         =  {images/ucb.png},
}

@conference{GoerzTheoryColloq2011,
  author       =  {Michael H. Goerz},
  title        =  {Optimal Controlled Phasegates for Trapped Neutral Atoms at the Quantum Speed Limit},
  booktitle    =  {Theory Colloquium},
  address      =  {Uni Kassel, Germany},
  howpublished =  {talk},
  year         =  {2011},
  month        =  {May},
  day          =  {31},
  pdf          =  {research/theocolloq_may_2011_slides.pdf},
  icon         =  {images/physik_ks.png},
}


@conference{GoerzGroupSem2011,
  author       =  {Michael H. Goerz},
  title        =  {Chebychev Propagator for Inhomogeneous Schr{\"o}dinger Equations},
  booktitle    =  {Koch group seminar},
  address      =  {Uni Kassel, Germany},
  howpublished =  {talk},
  year         =  {2011},
  month        =  {May},
  day          =  {16},
  pdf          =  {research/inhomcheby_may_2011_slides.pdf},
  icon         =  {images/physik_ks.png},
}


@conference{GoerzGroupSem2010b,
  author       =  {Michael H. Goerz},
  title        =  {Introduction to the GRAPE Algorithm},
  booktitle    =  {Koch group seminar},
  address      =  {FU Berlin, Germany},
  howpublished =  {talk},
  year         =  {2010},
  month        =  {June},
  day          =  {8},
  pdf          =  {research/grape_june_2010_slides.pdf},
  icon         =  {images/fub.png},
}

@conference{GoerzGroupSem2010a,
  author       =  {Michael H. Goerz},
  title        =  {Implementation of a Calcium Phasegate},
  booktitle    =  {Koch group seminar},
  address      =  {FU Berlin, Germany},
  howpublished =  {talk},
  year         =  {2010},
  month        =  {January},
  day          =  {11},
  pdf          =  {research/cagate_jan_2010_slides.pdf},
  icon         =  {images/fub.png},
}
