This file was created with JabRef 2.0.1.
Encoding: UTF-8

@BOOK{bretthorst1988,
  title = {{Bayesian Spectrum Analysis and Parameter Estimation}},
  publisher = {Springer},
  year = {1988},
  author = {G. Larry Bretthorst},
  owner = {goerz},
  timestamp = {2007.04.04},
}

@UNPUBLISHED{christensen,
  author = {Ronald Christensen and Timothy Hanson and Wesley O. Johnson},
  title = {{Bayesian Ideas and Data Analysis}},
  owner = {goerz},
  timestamp = {2007.04.04},
  url = {http://www.stat.ucdavis.edu/~johnson/st145/},
}

@BOOK{congdon2003,
  title = {{Applied Bayesian Modelling}},
  publisher = {Wiley},
  year = {2003},
  author = {Peter Congdon},
  owner = {goerz},
  timestamp = {2007.04.04},
}

@BOOK{gillies2000,
  title = {{Philosophical Theories of Probability}},
  publisher = {Routledge, London},
  year = {2000},
  author = {Donald Gillies},
}

@ARTICLE{giulini2000,
  author = {Domenico Giulini and Norbert Straumann},
  title = {{``\dots ich dachte mir nicht viel dabei\dots'' -- Plancks ungerader
	Weg zur Strahlungsformel}},
  journal = {Physik Journal},
  year = {2000},
  volume = {12},
  pages = {37--41},
  owner = {goerz},
  timestamp = {2007.04.16},
}

@INCOLLECTION{glymour1980,
  author = {Clark Glymour},
  title = {{Why I Am Not A Bayesian}},
  booktitle = {{Philosophy of Science, the Central Issues}},
  publisher = {W.W. Norton \& Company},
  year = {1998},
  editor = {Martin Curd and J.A. Cover},
  owner = {goerz},
  timestamp = {2007.03.27},
}

@BOOK{gregory2005,
  title = {{Bayesian Logical Data Analysis for the Physical Sciences}},
  publisher = {Cambridge University Press},
  year = {2005},
  author = {Phil Gregory},
  owner = {goerz},
  timestamp = {2007.04.16},
}

@BOOK{greiner2000,
  title = {{Quantum Mechanics -- An Introduction}},
  publisher = {Springer},
  year = {2000},
  author = {Walter Greiner},
  edition = {4. ed.},
  owner = {goerz},
  timestamp = {2007.04.05},
}

@BOOK{grinstead1997,
  title = {{Introduction to Probability}},
  publisher = {{American Mathematical Society}},
  year = {1997},
  author = {Charles M Grinstead and J. Laurie Snell},
  owner = {goerz},
  timestamp = {2007.03.28},
}

@INCOLLECTION{horwich1993,
  author = {Paul Horwich},
  title = {{Wittgensteinian Bayesianism}},
  booktitle = {{Philosophy of Science, the Central Issues}},
  publisher = {W.W. Norton \& Company},
  year = {1998},
  editor = {Martin Curd and J.A. Cover},
  owner = {goerz},
  timestamp = {2007.03.27},
}

@BOOK{papoulis1984,
  title = {{Probability, Random Variables and Stochastic Processes}},
  publisher = {McGraw-Hill},
  year = {1984},
  author = {Athanasios Papoulis},
  edition = {2. ed.},
  adsnote = {Provided by the Smithsonian/NASA Astrophysics Data System},
  adsurl = {http://adsabs.harvard.edu/cgi-bin/nph-bib_query?bibcode=1984prvs.book.....P&db_key=AST},
}

@INCOLLECTION{planck1931,
  author = {Max Planck},
  title = {Brief an Robert Williams Wood von 1931},
  booktitle = {{Fr{\"u}hgeschichte der Quantentheorie}},
  publisher = {Physik Verlag},
  year = {1969},
  editor = {A. Hermann},
  pages = {31},
  owner = {goerz},
  timestamp = {2007.04.16},
}

@BOOK{planck1958,
  title = {{Physikalische Abhandlungen und Vortr"age}},
  publisher = {Vieweg},
  year = {1958},
  author = {Max Planck},
  owner = {goerz},
  timestamp = {2007.04.16},
}

@INCOLLECTION{salmon1990,
  author = {Wesley C. Salmon},
  title = {{Rationality and Objectivity in Science or Tom Kuhn Meets Tom Bayes}},
  booktitle = {{Philosophy of Science, the Central Issues}},
  publisher = {W.W. Norton \& Company},
  year = {1998},
  editor = {Martin Curd and J.A. Cover},
  owner = {goerz},
  timestamp = {2007.03.27},
}

