This file was created with JabRef 2.0.1.
Encoding: UTF-8

@MISC{attwoodlecture,
  author = {David Attwood},
  title = {{Synchrotron Radiation for Materials Science Applications -- Lecture
	1: Introduction to Synchrotron Radiation}},
  howpublished = {Lecture Slides, UC Berkeley},
  year = {Spring 2007},
  owner = {goerz},
  timestamp = {2007.10.21},
  url = {http://www.coe.berkeley.edu/AST/srms/},
}

@BOOK{attwood2000,
  title = {{Soft X-Rays and Extreme Ultraviolet Radiation, Principles and Applications}},
  publisher = {Cambridge University Press},
  year = {2000},
  author = {David Attwood},
  owner = {haase},
  timestamp = {2007.09.08},
}

@INPROCEEDINGS{becker1995,
  author = {T. Becker and others},
  title = {{Prototype Developement of the BESSY II Storage Ring Magnetic Elements}},
  booktitle = {{Proceedings of the 1993 Particle Accelerator Conference}},
  year = {1993},
  volume = {2},
  pages = {1325-1327},
  doi = {10.1109/PAC.1995.505210},
  owner = {goerz},
  timestamp = {2007.10.29},
}

@ARTICLE{blewett1998,
  author = {John P. Blewett},
  title = {{Synchrotron Radiation - Early History}},
  journal = {J. Synchrotron Rad.},
  year = {1998},
  volume = {5},
  pages = {135-139},
  owner = {goerz},
  timestamp = {2007.10.27},
}

@INPROCEEDINGS{budz2006,
  author = {P. Budz and others},
  title = {The Magnets of the Metrology Light Source in Berlin-Adlershof},
  booktitle = {Proceedings of EPAC 2006},
  year = {2006},
  pages = {3296-3298},
  owner = {goerz},
  timestamp = {2007.11.01},
}

@ARTICLE{eriksson1997,
  author = {Mikael Eriksson},
  title = {{Brilliance -- an Overview}},
  journal = {J. Synchrotron Rad.},
  year = {1997},
  volume = {4},
  pages = {111-113},
  owner = {goerz},
  timestamp = {2007.10.28},
}

@BOOK{hofmann2004,
  title = {The Physics of Synchrotron Radiation},
  publisher = {Cambridge University Press},
  year = {2004},
  author = {Albert Hofmann},
  owner = {goerz},
  timestamp = {2007.11.11},
}

@BOOK{jackson1999,
  title = {{Classical Electrodynamics}},
  publisher = {Wiley},
  year = {1999},
  author = {John David Jackson},
  edition = {3rd Ed.},
  owner = {goerz},
  timestamp = {2007.11.04},
}

@INPROCEEDINGS{kramer1993,
  author = {D. Kramer},
  title = {{Status of BESSY II, a High Brilliance Synchrotron Light Source in
	the VUV to XUV Range}},
  booktitle = {Proceedings of the 1993 Particle Accelerator Conference},
  year = {1993},
  volume = {2},
  pages = {1436-1438},
  month = {May 17-20},
  doi = {10.1109/PAC.1993.308578},
  owner = {goerz},
  timestamp = {2007.10.29},
}

@MISC{lawrence1934,
  author = {E. O. Lawrence},
  title = {{Method and Apparatus for the Acceleration of Ions}},
  howpublished = {U.S. Patent Nr. 1,948,384},
  month = {Feb. 20},
  year = {1934},
  owner = {goerz},
  timestamp = {2007.10.29},
}

@ARTICLE{mills2005,
  author = {D. M. Mills and others},
  title = {{Report of the Working Group on Synchrotron Radation Nomenclature
	-- brightness, spectral brightnes or brilliance?}},
  journal = {J. Synchrotron Rad.},
  year = {2005},
  volume = {12},
  pages = {385},
  owner = {goerz},
  timestamp = {2007.10.27},
}

@MISC{puettner_slides,
  author = {Ralph P{\"u}ttner},
  title = {{Monochromatisierung von Synchrotronstrahlung}},
  howpublished = {Presentation Slides. Pictures courtesy of R. Follath.},
  owner = {goerz},
  timestamp = {2007.11.12},
}

@INCOLLECTION{robinson2000,
  author = {Arthur L. Robinson},
  title = {{History of Synchrotron Radiation}},
  booktitle = {{X-Ray Data Booklet}},
  publisher = {Lawrence Berkeley National Laboratory},
  year = {2000},
  owner = {goerz},
  timestamp = {2007.10.26},
  url = {http://xdb.lbl.gov/},
}

@BOOKLET{mainz_prospekt,
  title = {Institut f{\"u}r Kernphysik},
  author = {{Universit{\"a}t Mainz}},
  howpublished = {Instituts-Prospekt},
  address = {Universit{\"a}t Mainz},
  owner = {goerz},
  timestamp = {2007.10.29},
  url = {http://www.kph.uni-mainz.de/information/introduction/},
}

@MISC{weisstein_doppler,
  author = {Eric Weisstein},
  title = {Doppler Effect},
  howpublished = {Online Resource: Eric Weisstein's World of Physics},
  owner = {goerz},
  timestamp = {2007.11.10},
  url = {http://scienceworld.wolfram.com/physics/DopplerEffect.html},
}

@ARTICLE{wille1991,
  author = {K. Wille},
  title = {Synchrotron Radiation Sources},
  journal = {Rep. Prog. Phys.},
  year = {1991},
  volume = {54},
  pages = {1005-1068},
  owner = {goerz},
  timestamp = {2007.11.04},
}

@BOOK{bessy_highlights2006,
  title = {Highlights 2006},
  publisher = {{Berliner Elektronenspeicherring-Gesellschaft f{\"u}r Synchrotronstrahlung
	mbH}},
  year = {2006},
  editor = {Heike Henneken and Markus Sauerborn},
  owner = {goerz},
  timestamp = {2007.11.12},
  url = {http://www.bessy.de/cms.php?idcat=94},
}

@TECHREPORT{bessyfel,
  title = {{BESSY FEL -- Technical Design Report}},
  institution = {{Berliner Elektronenspeicherring-Gesellschaft f{\"u}r Synchrotronstrahlung
	mbH}},
  year = {2007},
  month = {March},
  owner = {goerz},
  timestamp = {2007.10.28},
  url = {http://www.bessy.de/cms.php?idcat=94},
}

@TECHREPORT{bessy,
  title = {{BESSY II -- Eine optimierte Undulator/Wiggler-Speicherrung-Lichtquelle
	f{\"u}r den VUV- und XUV-Spektralbereich}},
  institution = {{Berliner Elektronenspeicherring-Gesellschaft f{\"u}r Synchrotronstrahlung
	mbH}},
  year = {1986},
  number = {Vol 1},
  address = {Berlin},
  month = {November},
  owner = {goerz},
  timestamp = {2007.10.21},
}

